% Encoding: UTF-8


@article{Massonet1998,
annote = {-massive SAR review paper},
author = {Massonet, Didier and Feigl, Kurt L},
file = {:C$\backslash$:/Users/eemeg/phd/papers/massonet{\_}fiegl{\_}1997.pdf:pdf},
keywords = {doi:10.1029/97RG03139,http://dx.doi.org/10.1029/97RG03139},
number = {97},
pages = {441--500},
title = {{Radar interferometry and its application to changes in the Earth's surface}},
year = {1998}
}

@article{Bernard1997,
author = {Bernard, P and Briole, P and Meyer, B and Gomez, J and Tiberi, C and Berge, C and Cattin, R and Hatzfeld, D and Lachet, C and Lebrun, B and Deschamps, A and Courboulex, F and Larroque, C and Rigo, A and Massonnet, D and Papadimitriou, P and Kassaras, J and Diagourtas, D and Makropoulos, K and Veis, G and Papazisi, E and Mitsakaki, C and Karakostas, V and Papadimitriou, E},
file = {:C$\backslash$:/Users/eemeg/phd/papers/bernard{\_}ea{\_}1997.pdf:pdf},
journal = {Journal of Seismology},
keywords = {gulf corinth,normal faulting},
pages = {131--150},
title = {{TheMs=6.2, June 15, 1995 Aigion earthquake (Greece): evidence for low angle normal faulting in the Corinth rift}},
url = {http://www.springerlink.com/index/n46q46054lj72vt3.pdf},
volume = {1},
year = {1997}
}

@article{Hyvarinen1997,
abstract = {applicability for this approach.},
archivePrefix = {arXiv},
arxivId = {arXiv:1011.1669v3},
author = {Hyv{\"{a}}rinen, Aapo},
doi = {10.1017/CBO9781107415324.004},
eprint = {arXiv:1011.1669v3},
file = {:C$\backslash$:/Users/eemeg/phd/papers/Hyvarinen{\_}1997.pdf:pdf},
isbn = {9788578110796},
issn = {1098-6596},
journal = {Journal of Chemical Information and Modeling},
keywords = {icle},
number = {9},
pages = {1689--1699},
pmid = {25246403},
title = {{Independent Component Analysis by Minimization of Mutual Information}},
volume = {53},
year = {1997}
}

@Article{Mogi1958,
  author  = {Mogi, Kiyoo},
  title   = {{Relations between the eruptions of various volcanoes and the deformations of the ground surfaces around them}},
  journal = {Bulletin of the Earthquake Research Institute},
  year    = {1958},
  volume  = {36},
  pages   = {99--134},
  issn    = {0040-8972},
  doi     = {10.1016/j.epsl.2004.04.016},
  file    = {:mogi_1958.pdf:PDF},
  groups  = {Volcanoes},
}


@InProceedings{redmon2017,
  author    = {Redmon, Joseph and Farhadi, Ali},
  title     = {YOLO9000: better, faster, stronger},
  booktitle = {Proceedings of the IEEE conference on computer vision and pattern recognition},
  year      = {2017},
  pages     = {7263--7271},
  file      = {:redmon_farhadi_2016a.pdf:PDF},
  groups    = {Machine learning},
}
